<?xml version="1.0" encoding="UTF-8"?>
<record xmlns="http://www.loc.gov/MARC21/slim" xmlns:xsi="http://www.w3.org/2001/XMLSchema-instance" xsi:schemaLocation="http://www.loc.gov/MARC21/slim http://www.loc.gov/standards/marcxml/schema/MARC21slim.xsd">
<leader>00000cam a22        4500</leader>
<controlfield tag="001">001677238</controlfield>
<controlfield tag="003">NNU</controlfield>
<controlfield tag="005">20150603161102.0</controlfield>
<controlfield tag="008">960513s1963    sy            000 0 ara d</controlfield>
<datafield tag="035" ind1=" " ind2=" ">
<subfield code="a">(OCoLC)34711893</subfield>
</datafield>
<datafield tag="040" ind1=" " ind2=" ">
<subfield code="a">LOA</subfield>
<subfield code="b">eng</subfield>
<subfield code="c">LOA</subfield>
<subfield code="d">OCLCG</subfield>
<subfield code="d">HLS</subfield>
<subfield code="d">OCLCF</subfield>
<subfield code="d">OCLCQ</subfield>
<subfield code="d">OCLCO</subfield>
<subfield code="d">NNU</subfield>
</datafield>
<datafield tag="100" ind1="1" ind2=" ">
<subfield code="6">880-01</subfield>
<subfield code="a">Ḥāmid, Muḥammad,</subfield>
<subfield code="d">1910-1969.</subfield>
</datafield>
<datafield tag="245" ind1="1" ind2="0">
<subfield code="6">880-02</subfield>
<subfield code="a">Naẓarāt fi kitāb Ishtirākīyat al-islām :</subfield>
<subfield code="b">ṣādirah ʻan al-kitāb wa al-sunnah wa madhāhib al-aʼimmah</subfield>
<subfield code="c">Muḥammad al-Ḥāmid.</subfield>
</datafield>
<datafield tag="260" ind1=" " ind2=" ">
<subfield code="6">880-03</subfield>
<subfield code="a">Dimashq:</subfield>
<subfield code="b">Maṭbaʻat al-ʻIlm,</subfield>
<subfield code="c">1963.</subfield>
</datafield>
<datafield tag="300" ind1=" " ind2=" ">
<subfield code="a">183 pages</subfield>
</datafield>
<datafield tag="336" ind1=" " ind2=" ">
<subfield code="a">text</subfield>
<subfield code="b">txt</subfield>
<subfield code="2">rdacontent</subfield>
</datafield>
<datafield tag="337" ind1=" " ind2=" ">
<subfield code="a">unmediated</subfield>
<subfield code="b">n</subfield>
<subfield code="2">rdamedia</subfield>
</datafield>
<datafield tag="338" ind1=" " ind2=" ">
<subfield code="a">volume</subfield>
<subfield code="b">nc</subfield>
<subfield code="2">rdacarrier</subfield>
</datafield>
<datafield tag="546" ind1=" " ind2=" ">
<subfield code="a">Arabic text.</subfield>
</datafield>
<datafield tag="500" ind1=" " ind2=" ">
<subfield code="a">A critique of Muṣṭafā al-Sibāʻī's book on islamic socialism.</subfield>
</datafield>
<datafield tag="650" ind1=" " ind2="0">
<subfield code="a">Socialism and Islam.</subfield>
</datafield>
<datafield tag="650" ind1=" " ind2="7">
<subfield code="a">Socialism and Islam.</subfield>
<subfield code="2">fast</subfield>
<subfield code="0">(OCoLC)fst01123674</subfield>
</datafield>
<datafield tag="700" ind1="1" ind2=" ">
<subfield code="6">880-04</subfield>
<subfield code="a">Sibāʻī, Muṣṭafā.</subfield>
</datafield>
<datafield tag="880" ind1="1" ind2=" ">
<subfield code="6">100-01/</subfield>
<subfield code="a">حامد، محمد،</subfield>
<subfield code="d">1910-1969.</subfield>
</datafield>
<datafield tag="880" ind1="1" ind2="0">
<subfield code="6">245-02/</subfield>
<subfield code="a">نظرات ف كتاب اشتراكية الاسلام :</subfield>
<subfield code="b">صادرة عن الكتاب و السنة و مذاهب الائمة /</subfield>
<subfield code="c">.محمد الحامد</subfield>
</datafield>
<datafield tag="880" ind1=" " ind2=" ">
<subfield code="6">260-03/</subfield>
<subfield code="a">دمشق:</subfield>
<subfield code="b">مطبعة العلم،</subfield>
<subfield code="c">1963.</subfield>
</datafield>
<datafield tag="880" ind1="1" ind2=" ">
<subfield code="6">700-04/</subfield>
<subfield code="a">سباعي، مصطفى.</subfield>
</datafield>
<datafield tag="OWN" ind1=" " ind2=" ">
<subfield code="a">GENERAL</subfield>
</datafield>
<datafield tag="AVA" ind1=" " ind2=" ">
<subfield code="a">NYU50</subfield>
<subfield code="b">BOBST</subfield>
<subfield code="c">Main Collection</subfield>
<subfield code="d">BP161 .H3</subfield>
<subfield code="e">unavailable</subfield>
<subfield code="t">Unavailable</subfield>
<subfield code="f">1</subfield>
<subfield code="g">1</subfield>
<subfield code="h">N</subfield>
<subfield code="i">0</subfield>
<subfield code="j">MAIN</subfield>
<subfield code="k">0</subfield>
</datafield>
</record>
